@electronic{website:paulbrians,
    author = {Paul Brians},
    title = {Common Errors in English Usage},
    month = {December},
    year = {2010},
    url = {http://public.wsu.edu/~brians/errors/errors.html},
    note = {\url{http://public.wsu.edu/~brians/errors/errors.html}}
},
@article{Mays1991517,
    title = {Context based spelling correction},
    journal = {Information Processing \& Management},
    volume = {27},
    number = {5},
    pages = {517 - 522},
    year = {1991},
    note = {},
    issn = {0306-4573},
    doi = {http://dx.doi.org/10.1016/0306-4573(91)90066-U},
    url = {\url{http://www.sciencedirect.com/science/article/pii/030645739190066U}},
    author = {Eric Mays and Fred J. Damerau and Robert L. Mercer}
},
@article{gale1992method,
  title={A method for disambiguating word senses in a large corpus},
  author={Gale, William A and Church, Kenneth W and Yarowsky, David},
  journal={Computers and the Humanities},
  volume={26},
  number={5-6},
  pages={415--439},
  year={1992},
  publisher={Springer}
},
@article{yarowsky2000hierarchical,
  title={Hierarchical decision lists for word sense disambiguation},
  author={Yarowsky, David},
  journal={Computers and the Humanities},
  volume={34},
  number={1-2},
  pages={179--186},
  year={2000},
  publisher={Springer}
},
@article{golding1996bayesian,
  title={A Bayesian hybrid method for context-sensitive spelling correction},
  author={Golding, Andrew R},
  journal={arXiv preprint cmp-lg/9606001},
  year={1996}
},
@inproceedings{golding1996combining,
  title={Combining trigram-based and feature-based methods for context-sensitive spelling correction},
  author={Golding, Andrew R and Schabes, Yves},
  booktitle={Proceedings of the 34th annual meeting on Association for Computational Linguistics},
  pages={71--78},
  year={1996},
  organization={Association for Computational Linguistics}
},
@inproceedings{mangu1997automatic,
  title={Automatic rule acquisition for spelling correction},
  author={Mangu, Lidia and Brill, Eric},
  booktitle={ICML},
  volume={97},
  pages={187--194},
  year={1997},
  organization={Citeseer}
},
@inproceedings{jones1997contextual,
  title={Contextual spelling correction using latent semantic analysis},
  author={Jones, Michael P and Martin, James H},
  booktitle={Proceedings of the fifth conference on Applied natural language processing},
  pages={166--173},
  year={1997},
  organization={Association for Computational Linguistics}
},
@inproceedings{brill2000improved,
  title={An improved error model for noisy channel spelling correction},
  author={Brill, Eric and Moore, Robert C},
  booktitle={Proceedings of the 38th Annual Meeting on Association for Computational Linguistics},
  pages={286--293},
  year={2000},
  organization={Association for Computational Linguistics}
},
@inproceedings{stehouwer2009language,
  title={Language models for contextual error detection and correction},
  author={Stehouwer, Herman and Van Zaanen, Menno},
  booktitle={Proceedings of the EACL 2009 Workshop on Computational Linguistic Aspects of Grammatical Inference},
  pages={41--48},
  year={2009},
  organization={Association for Computational Linguistics}
},
@article{bassil2012post,
  title={Post-editing error correction algorithm for speech recognition using bing spelling suggestion},
  author={Bassil, Youssef and Alwani, Mohammad},
  journal={arXiv preprint arXiv:1203.5255},
  year={2012}
},
@Inbook{Wilcox-O'Hearn2008,
    author={Wilcox-O'Hearn, Amber
    and Hirst, Graeme
    and Budanitsky, Alexander},
    editor={Gelbukh, Alexander},
    title={Real-Word Spelling Correction with Trigrams: A Reconsideration of the Mays, Damerau, and Mercer Model},
    bookTitle={Computational Linguistics and Intelligent Text Processing: 9th International Conference, CICLing 2008, Haifa, Israel, February 17-23, 2008. Proceedings},
    year={2008},
    publisher={Springer Berlin Heidelberg},
    address={Berlin, Heidelberg},
    pages={605--616},
    isbn={978-3-540-78135-6},
    doi={10.1007/978-3-540-78135-6_52},
    url={\url{http://dx.doi.org/10.1007/978-3-540-78135-6_52}}
}

